<?xml version="1.0" encoding="UTF-8"?><collection xmlns="http://www.loc.gov/MARC21/slim"><record><leader>00414nam--2200169-i-4500</leader><controlfield tag="001">000005776</controlfield><controlfield tag="002">20161230</controlfield><controlfield tag="005">20161230201026</controlfield><controlfield tag="008">060222s1000------------r-----000-0-eng-d</controlfield><datafield ind1=" " ind2=" " tag="040"><subfield code="a">IFIN-HH</subfield></datafield><datafield ind1=" " ind2=" " tag="080"><subfield code="a">53(022)</subfield></datafield><datafield ind1="1" ind2=" " tag="100"><subfield code="a">Brown, R.C</subfield></datafield><datafield ind1="1" ind2="0" tag="245"><subfield code="a">A textbook of physics</subfield><subfield code="c">R.c. brown</subfield></datafield><datafield ind1=" " ind2=" " tag="260"><subfield code="a">London</subfield><subfield code="b">Longmans</subfield><subfield code="c">1961</subfield></datafield><datafield ind1=" " ind2=" " tag="300"><subfield code="a">XXI + 1424 + XXXVI P</subfield></datafield><datafield ind1=" " ind2=" " tag="852"><subfield code="a">17090</subfield><subfield code="c">53</subfield></datafield><datafield ind1=" " ind2=" " tag="CAT"><subfield code="a">Sys</subfield><subfield code="c">20150217</subfield><subfield code="h">182453</subfield></datafield></record></collection>